<?xml version="1.0" encoding="UTF-8"?><collection xmlns="http://www.loc.gov/MARC21/slim"><record><leader>00405nam--2200133-i-4500</leader><controlfield tag="001">000035445</controlfield><controlfield tag="002">20161230</controlfield><controlfield tag="005">20161230201040</controlfield><controlfield tag="008">060222s1000------------r-----000-0-eng-d</controlfield><datafield ind1=" " ind2=" " tag="080"><subfield code="a">001.89:65</subfield></datafield><datafield ind1=" " ind2=" " tag="245"><subfield code="a">National petterns of r&amp; d resources.funds &amp; manpower in the united states</subfield></datafield><datafield ind1=" " ind2=" " tag="260"><subfield code="a">Washington, U.S.Government Printing Office, 1967. V + 26p</subfield></datafield><datafield ind1=" " ind2=" " tag="490"><subfield code="a">National Science Foundation</subfield></datafield><datafield ind1=" " ind2=" " tag="852"><subfield code="a">28720</subfield></datafield></record></collection>